
@book{kadison_ringrose_I,
  author    = {Kadison, Richard V. and Ringrose, John R.}, 
  title     = {Fundamentals of the Theory of Operator Algebras},
  publisher = {Academic Press},
  year      = 1983,
  volume    = {I: Elementary Theory},
  series    = {},
  address   = {New York},
  edition   = {2nd},
  month     = {},
  note      = {},
  isbn      = {978-0-8218-0819-1}
}

@book{murphyC*alg,
  author    = {Murphy, Gerard J.}, 
  title     = {$C^*$-Algebras And Operator Theory},
  publisher = {Academic Press Limited},
  year      = 1990,
  volume    = {},
  series    = {},
  address   = {New York},
  edition   = {},
  month     = {},
  note      = {},
  isbn      = {0-12-511360-9}
}

@article{grove_pedersen_diagonal,
  author  = {Grove, K. and Pedersen, G.}, 
  title   = {{Diagonalizing matrices over $C(X)$}},
  journal = {Journal of Functional Analysis},
  year    = 1984,
  number  = 6,
  pages   = {65-89},
  month   = {October},
  note    = {}, 
  volume  = 59
}

@phdthesis{phdthesis,
  author       = {Peter Joslin}, 
  title        = {The title of the work},
  school       = {The school of the thesis},
  year         = 1993,
  address      = {The address of the publisher},
  month        = 7,
  note         = {An optional note}
}

@misc{misc,
  author       = {Peter Isley}, 
  title        = {The title of the work},
  howpublished = {How it was published},
  month        = 7,
  year         = 1993,
  note         = {An optional note}
}

